@book{gonzalez2018digital,
  title     = {Digital Image Processing},
  author    = {Gonzalez, Rafael C. and Woods, Richard E.},
  year      = {2018},
  publisher = {Pearson},
}

@inproceedings{depaoli2012,
  author    = {Depaoli, R. and Fernández, L. A. and Diaz, D.},
  title     = {Optimización de la ecualización del histograma en el procesamiento de imágenes digitales},
  booktitle = {Trabajo presentado en VII Workshop de Investigadores en Ciencias de la Computación},
  pages     = {238--242},
  year      = {2012},
  address   = {Pcia. de Bs. As.}
}
