@misc{iris_53,
author       = {Fisher, R. A.},
title        = {{Iris}},
year         = {1936},
howpublished = {UCI Machine Learning Repository},
note         = {{DOI}: https://doi.org/10.24432/C56C76}
}
@Manual{palmer,
author = {Allison Marie Horst and Alison Presmanes Hill and Kristen B Gorman},
title = {palmerpenguins: Palmer Archipelago (Antarctica) penguin data},
year = {2020},
note = {R package version 0.1.0},
doi = {10.5281/zenodo.3960218},
url = {https://allisonhorst.github.io/palmerpenguins/}
}
@misc{wine_quality_186,
  author       = {Cortez, Paulo, Cerdeira, A., Almeida, F., Matos, T., and Reis, J.},
  title        = {{Wine Quality}},
  year         = {2009},
  howpublished = {UCI Machine Learning Repository},
  note         = {{DOI}: https://doi.org/10.24432/C56S3T}
}

@misc{heart_disease_45,
  author       = {Janosi, Andras, Steinbrunn, William, Pfisterer, Matthias, and Detrano, Robert},
  title        = {{Heart Disease}},
  year         = {1989},
  howpublished = {UCI Machine Learning Repository},
  note         = {{DOI}: https://doi.org/10.24432/C52P4X}
}

@misc{car_evaluation_19,
  author       = {Bohanec, Marko},
  title        = {{Car Evaluation}},
  year         = {1988},
  howpublished = {UCI Machine Learning Repository},
  note         = {{DOI}: https://doi.org/10.24432/C5JP48}
}


@misc{maternal_health_risk_863,
  author       = {Ahmed, Marzia},
  title        = {{Maternal Health Risk}},
  year         = {2020},
  howpublished = {UCI Machine Learning Repository},
  note         = {{DOI}: https://doi.org/10.24432/C5DP5D}
}

@misc{raisin_850,
  author       = {Çinar, İ̇lkay, Koklu, Murat, and Tasdemir, Sakir},
  title        = {{Raisin}},
  year         = {2020},
  howpublished = {UCI Machine Learning Repository},
  note         = {{DOI}: https://doi.org/10.24432/C5660T}
}

@misc{nursery_76,
  author       = {Rajkovic, Vladislav},
  title        = {{Nursery}},
  year         = {1989},
  howpublished = {UCI Machine Learning Repository},
  note         = {{DOI}: https://doi.org/10.24432/C5P88W}
}

@misc{glass_identification_42,
  author       = {German, B.},
  title        = {{Glass Identification}},
  year         = {1987},
  howpublished = {UCI Machine Learning Repository},
  note         = {{DOI}: https://doi.org/10.24432/C5WW2P}
}

@misc{zoo_111,
  author       = {Forsyth, Richard},
  title        = {{Zoo}},
  year         = {1990},
  howpublished = {UCI Machine Learning Repository},
  note         = {{DOI}: https://doi.org/10.24432/C5R59V}
}