@book{johnson2007,
  title     = {Applied Multivariate Statistical Analysis},
  author    = {Johnson, Richard A. and Wichern, Dean W.},
  year      = {2007},
  edition   = {6th},
  publisher = {Pearson},
  address   = {Upper Saddle River, NJ}
}
