@article{hurlbert1988,
  title={Making machines (and artificial intelligence) see},
  author={Hurlbert, Anya y Poggio, Tomaso},
  journal={Daedalus},
  pages={213--239},
  year={1988},
  publisher={JSTOR}
}