@article{debellis2021practical,
  title={A practical guide to building OWL ontologies using Prot{\'e}g{\'e} 5.5 and plugins},
  author={Debellis, Michael},
  journal={Dostupno: https://www. michaeldebellis. com/post/new-protege-pizzatutorial/.[Pristupljeno: 12. rujna 2024.]},
  year={2021}
}