@book{gonzalez2018digital,
  title     = {Digital Image Processing},
  author    = {Gonzalez, Rafael C. and Woods, Richard E.},
  year      = {2018},
  publisher = {Pearson},
}
