@article{AGM1985,
  author    = {Carlos E. Alchourrón and Peter Gärdenfors and David Makinson},
  title     = {On the Logic of Theory Change: Partial Meet Contraction and Revision Functions},
  journal   = {Journal of Symbolic Logic},
  volume    = {50},
  year      = {1985},
  pages     = {510--530},
}

@article{Shoham2015,
  author    = {Yoav Shoham},
  title     = {Why Knowledge Representation Matters},
  journal   = {Communications of the ACM},
  volume    = {59},
  number    = {1},
  year      = {2015},
  pages     = {47--49},
  doi       = {10.1145/2845915}
}

@article{Huber2013,
  author    = {Franz Huber},
  title     = {Belief Revision I: The AGM Theory},
  journal   = {Philosophy Compass},
  volume    = {8},
  number    = {7},
  year      = {2013},
  pages     = {604--612},
  doi       = {10.1111/phc3.12044}
}

@unpublished{Guerra2025,
  author    = {Alejandro Guerra-Hernández},
  title     = {Deducción Natural},
  year      = {2025},
  note      = {Notas de clase, Capítulo 3, Curso de Representación del Conocimiento, Universidad Veracruzana.}
}

