@book{Cisneros2004,
  author    = {Cisneros Parra, Joel Uriel},
  title     = {Introducción a la lógica difusa},
  year      = {2004},
  publisher = {Universidad Autónoma de San Luis Potosí},
  address   = {San Luis Potosí, San Luis Potosí},
  isbn      = {970-93886-2-2},
  pages     = {151},
  description = {vi, 151 p. : gráfico ; 21 cm}
}
